%%%%%%%%%%%%%%%%%%%%%%%%%%%%%%%%%%%%%%%%%%%%%%%%%%%%%%%%%%%%%%%%%%%
%%% Documento LaTeX 																						%%%
%%%%%%%%%%%%%%%%%%%%%%%%%%%%%%%%%%%%%%%%%%%%%%%%%%%%%%%%%%%%%%%%%%%
% Título:		Referencias bibliográficas
% Autor:  	Ignacio Moreno Doblas
% Fecha:  	2014-02-01, actualizado 2019-11-11
% Versión:	0.5.0
%%%%%%%%%%%%%%%%%%%%%%%%%%%%%%%%%%%%%%%%%%%%%%%%%%%%%%%%%%%%%%%%%%%%



@misc{EA_img_juegoGrupoPelota,
  author = {Central Informativa},
  title = {{Actividades para adultos mayores de Hogar Geriátrico}},
  howpublished = "\url{https://www.redadultomayor.org/actividades-para-adultos-mayores-de-hogar-geriatrico/}",
  year = {2016}
}

@misc{AI_img_ahoraCaigo,
  author = {antena3.com},
  title = {{¿Está Will Smith? Las sorpresas entre el público que regresa al plató de '¡Ahora caigo!'}},
  howpublished = "\url{https://www.antena3.com/programas/ahora-caigo/momentos/esta-will-smith-las-sorpresas-entre-el-publico-que-regresa-al-plato-de-ahora-caigo_202006015ed49ce9d84fea00015aad17.html}",
  year = {2020}
}

@misc{AI_img_atrapaMillon,
  author = {panoramaaudiovisual.com},
  title = {{Despliegue audiovisual escenográfico en 'Atrapa un millón'}},
  howpublished = "\url{https://www.panoramaaudiovisual.com/2011/11/07/despliegue-audiovisul-escenografico-en-atrapa-un-millon/}",
  year = {2011}
}


@Inbook{EA_img_efectoPosicionSerial,
author="Troyer, Angela K.",
title="Serial Position Effect",
bookTitle="Encyclopedia of Clinical Neuropsychology",
year="2011",
publisher="Springer New York",
address="New York, NY",
pages="2263--2264",
isbn="978-0-387-79948-3",
doi="10.1007/978-0-387-79948-3_2232",
url="https://doi.org/10.1007/978-0-387-79948-3_2232",
howpublished = "\url{https://doi.org/10.1007/978-0-387-79948-3_2232}"
}


@misc{EA_img_cuadernoEsteve,
  author = {Esteve},
  title = {{Cuadernos de estimulación cognitiva}},
  howpublished = "\url{https://www.esteveagora.com/farmaceutico/cuadernos-de-estimulacion-cognitiva}",
  year = {}
}


@misc{EA_img_cuardernoRubio,
  author = {Rubio},
  title = {{1 Memoria - Estimulación cognitiva}},
  howpublished = "\url{https://cuadernos.rubio.net/estimulacion-cognitiva-memoria-1}",
  ISBN = "9788485109951",
  year = {}
}




@misc{EA_img_neuronup,
  key = {captura},
  title = {{NeuronUP, estimulación cognitiva y neurorrehabilitación}},
  howpublished = "\url{https://www.neuronup.com/es/}",
}



@misc{EA_img_kojisQuest,
  author = {Neuroreality},
  title = {{Koji's Quest}},
  howpublished = "\url{https://medkitvr.com/neuroreality-kojis-quest/}",
}



@misc{EA_img_enhance,
  author = {Virtuleap},
  title = {{Enhance}},
  howpublished = "\url{https://virtuleap.com/enhance}",
}



@misc{EA_img_roman,
  author = {Guillaume de Lorris},
  title = {{Roman de la Rose}},
  howpublished = "M. 948, fol 12r.",
  year = {1240}
}



@misc{EA_img_llaves,
  author = {Pietro Perugino},
  title = {{Entrega de las llaves a San Pedro}},
  howpublished = "Fresco - Capilla Sixtina",
  year = {1482}
}



@misc{EA_img_cena,
  key = {spoleto},
  title = {{The Last Supper and the Agony in the Garden}},
  howpublished = "Fresco - Spoleto, Italia",
  year = {1300}
}



@misc{EA_img_cenaLeonardo,
  author = {Leonardo Da Vinci},
  title = {{La última cena}},
  howpublished = "Temple y óleo sobre yeso",
  year = {1498}
}

@misc{EA_img_rotunda,
  author = {Robert Mitchell},
  title = {{Plans, and views in perspective, with descriptions of buildings erected in England and Scotland; and ... an essay to elucidate the Grecian, Roman and Gothic Architecture. (Plans, descriptions et vues en perspective, etc.).}},
  howpublished = "Grabado al aguatinta",
  year = {1801},
  month = {15 de Mayo},
  day = {15}
}


@misc{EA_img_london,
  author = {Robert Barker},
  title = {{Un vistazo a Londres y Westminster}},
  year = {1792}
}


@misc{EA_img_estereoscopio,
  key = {libro},
  title = {{The Popular science monthly vol. 21, pág. 47}},
  howpublished = "\url{https://archive.org/details/popularsciencemo21newy/page/n3/mode/2up}",
  year = {1882}
}

@misc{EA_img_estereoscopio2,
  author = {Sir Charles Wheatstone},
  title = {{Xilografía de estereoscopio de espejos}},
  year = {1840}
}

@misc{EA_img_headsight,
  author = {igreet.co},
  title = {{Brief History of Augmented Reality}},
  howpublished = "\url{http://www.igreet.co/brief-history-of-augmented-reality/}"
}

@misc{EA_img_damocles,
  author = {Ivan Sutherland},
  title = {{The Sword of Damocles - Head Mounted Display}},
  howpublished = "\url{http://www.dsource.in/course/virtual-reality-introduction/evolution-vr/sword-damocles-head-mounted-display}",
  year = {1963}
}

@misc{EA_img_eyePhone,
  author = {Dave Pape},
  title = {{A VPL Research Eyephone head mounted display and Dataglove, with Polhemus tracking system. The first commercially marketed virtual reality system. Displayed at the Nissho Iwai showroom in Tokyo.}},
  howpublished = "\url{https://commons.wikimedia.org/wiki/File:VPL_Eyephone_and_Dataglove.jpg}",
  year = {1999}
}



@misc{EA_img_virtualBoy,
  author = {Evan Amos},
  title = {{A North American Virtual Boy game console}},
  howpublished = "\url{https://commons.wikimedia.org/wiki/File:Virtual-Boy-Set.png}",
  year = {2011}
}

@misc{EA_img_virtualBoyJuego,
  author = {Nintendo R\&D1},
  title = {{Screenshot showing typical gameplay from the game Mario's Tennis for the Virtual Boy}},
  howpublished = "\url{https://en.wikipedia.org/wiki/File:VB_Mario\%27s_Tennis.png}",
  year = {1995}
}

@misc{EA_img_kitOculus,
  author = {Alexey Severin},
  title = {{Product visualization: Oculus Rift DK1}},
  howpublished = "\url{https://www.severin3d.com/oculus-rift-dk1}"
}

@misc{EA_img_psvr,
  key = {imagen},
  title = {{Imagen promocional de Sony}},
  howpublished = "\url{https://www.playstation.com/es-es/explore/playstation-vr/}"
}

@misc{EA_img_cardboard,
  author = {othree},
  title = {{Google Cardboard}},
  howpublished = "\url{https://www.flickr.com/photos/othree/14519574116/}",
  year = {2014}
}

@misc{EA_img_vive,
  author = {Jesús Maturana},
  title = {{HTC Vive, análisis: esto sí que es realidad virtual interactiva}},
  howpublished = "\url{https://www.xataka.com/analisis/htc-vive-analisis-esto-si-que-es-realidad-virtual-interactiva}",
  year = {2017}
}

@misc{EA_img_index,
  author = {Valve Corporation},
  title = {{Imagen promocional de Valve Index}},
  howpublished = "\url{https://www.valvesoftware.com/es/index}"
}

@misc{EA_img_oculusQuest,
  author = {Mat Paget},
  title = {{Oculus Quest Sold Out At Major Retailers}},
  howpublished = "\url{https://www.gamespot.com/articles/oculus-quest-sold-out-at-major-retailers/1100-6476020/}",
  year = {2020}
}

@misc{EA_img_interfazUnity,
  author = {Unity},
  title = {{Cómo financiar y promocionar tu juego}},
  howpublished = "\url{https://unity3d.com/es/how-to/finance-and-promote-your-game}"
}

@misc{EA_img_monumentValley,
  author = {Colin Campbell},
  title = {{Monument Valley 2 review}},
  howpublished = "\url{https://www.polygon.com/2017/6/8/15762978/monument-valley-2-review-ios-ipad-iphone}",
  year = {2017}
}

@misc{EA_img_interfazUnreal,
  author = {Documentación Unreal Engine 4},
  title = {{Tools and Editors. Level Editor}},
  howpublished = "\url{https://docs.unrealengine.com/en-US/GettingStarted/SubEditors/index.html}"
}

@misc{EA_img_fortnite,
  author = {esportshound.com},
  title = {{Fortnite}},
  howpublished = "\url{http://www.esportshound.com/fortnite-2/}"
}

@misc{EA_img_gameMaker,
  author = {YoYo Games Ltd.},
  title = {{GameMaker Studio 2 Web}},
  howpublished = "\url{https://store.steampowered.com/app/585600/GameMaker_Studio_2_Web/?l=spanish}",
  year = {2017}
}

@misc{EA_img_crashlands,
  author = {Butterscotch Shenanigans},
  title = {{Crashlands}},
  howpublished = "\url{https://store.steampowered.com/app/391730/Crashlands/?l=spanish}",
  year = {2016}
}

@misc{EA_img_godot,
  author = {Fabio Alessandrelli},
  title = {{Godot Editor running in a web browser}},
  howpublished = "\url{https://godotengine.org/article/godot-editor-running-web-browser}",
  year = {2020}
}

@misc{EA_img_rivenTails,
  author = {igbd.com},
  title = {{RivenTails Defense Press kit}},
  howpublished = "\url{https://www.igdb.com/games/riventails-defense/presskit}"
}



